@book{Larson2021,
address = {New York},
author = {Larson, Erik W. and Gray, Clifford F.},
edition = {8e},
isbn = {978-1-260-57043-4},
pages = {682},
publisher = {McGraw-Hill International},
title = {{Project Management. The Managerial Process}},
year = {2021}
}

@article{GinoPisano2005,
    author = {Francesca Gino and Gary Pisano},
    pages = {23},
    title = {Teradyne Corporation:  The Jaguar Project },
    year = {2005}
}